@online{kenshirriff6502overflow,
    title       = {The 6502 overflow flag explained mathematically},
    author      = {Ken Shirriff},
    url         = {http://www.righto.com/2012/12/the-6502-overflow-flag-explained.html},
    year        = 2012,
    urldate     = {2024-01-19}
}

@online{6502org_registers,
    title       = {The Registers},
    author      = {Andrew Jacobs},
    url         = {http://www.6502.org/users/obelisk/6502/registers.html},
    year        = 2003,
    urldate     = {2024-01-19},
}

@online{6502org_instructions,
    title       = {The Instruction Set},
    author      = {Andrew Jacobs},
    url         = {http://www.6502.org/users/obelisk/6502/instructions.html},
    year        = 2008,
    urldate     = {2024-01-19},
}

@online{6502org_reference,
    title       = {Instruction Reference},
    author      = {Andrew Jacobs},
    url         = {http://www.6502.org/users/obelisk/6502/reference.html},
    year        = 2008,
    urldate     = {2024-01-19},
}

@online{6502org_addressing,
    title       = {Addressing Modes},
    author      = {Andrew Jacobs},
    url         = {http://www.6502.org/users/obelisk/6502/addressing.html},
    year        = 2003,
    urldate     = {2024-01-19},
}

@online{6502org_interrupts,
    title       = {Investigating Interrupts},
    author      = {Garth Wilson},
    url         = {http://www.6502.org/users/obelisk/6502/addressing.html},
    year        = 20024,
    urldate     = {2024-03-01},
}


@online{masswerk_6502instructions,
    title       = {6502 Instruction Set},
    author      = {Norbert Landsteiner},
    url         = {https://www.masswerk.at/6502/6502_instruction_set.html},
    year        = 2002,
    urldate     = {2024-01-19}
}


@online{masswerk_virtual6502,
    title       = {virtual 6502 Emulator},
    author      = {Norbert Landsteiner},
    url         = {https://www.masswerk.at/6502},
    year        = 2021,
    urldate     = {2024-01-19},
}

@online{thevisual6502,
    title       = {The Visual 6502},
    author      = {Greg James, Barry Silverman, Brian Silverman},
    url         = {http://www.visual6502.org/JSSim/index.html},
    year        = 2010,
    urldate     = {2024-01-19}
    }

@online{6502Asm,
    title       = {6502Asm, An Assembler for the 6502 Microprocessor},
    author      = {James Salvino},
    url         = {https://github.com/SYSPROG-JLS/6502Asm},
    year        = 2022,
    urldate     = {2024-03-01}
    }


@online{MOS6502BestLayoutGuy,
    title = {The MOS 6502 and the Best Layout Guy in the World},
    author = {Russ Cox},
    url = {https://research.swtch.com/6502},
    year = 2011,
    urldate = {2024-03-01}
}